<?xml version="1.0" encoding="UTF-8"?><record xmlns="http://www.loc.gov/MARC21/slim" xmlns:cinclude="http://apache.org/cocoon/include/1.0" xmlns:zs="http://www.loc.gov/zing/srw/">
  <leader>00982cz  a2200217n  4500</leader>
  <controlfield tag="001">no2014069364</controlfield>
  <controlfield tag="003">DLC</controlfield>
  <controlfield tag="005">20140619073849.0</controlfield>
  <controlfield tag="008">140519n| azannaabn          |b aaa     c</controlfield>
  <datafield tag="010" ind1=" " ind2=" ">
    <subfield code="a">no2014069364</subfield>
  </datafield>
  <datafield tag="035" ind1=" " ind2=" ">
    <subfield code="a">(OCoLC)oca09860409</subfield>
  </datafield>
  <datafield tag="040" ind1=" " ind2=" ">
    <subfield code="a">InU</subfield>
    <subfield code="b">eng</subfield>
    <subfield code="e">rda</subfield>
    <subfield code="c">InU</subfield>
    <subfield code="d">InU</subfield>
  </datafield>
  <datafield tag="046" ind1=" " ind2=" ">
    <subfield code="f">1970</subfield>
  </datafield>
  <datafield tag="100" ind1="1" ind2=" ">
    <subfield code="a">Tuniyaz, Adil,</subfield>
    <subfield code="d">1970-</subfield>
  </datafield>
  <datafield tag="400" ind1="1" ind2=" ">
    <subfield code="a">土尼亚伜孜, 阿迪里,</subfield>
    <subfield code="d">1970-</subfield>
  </datafield>
  <datafield tag="400" ind1="1" ind2=" ">
    <subfield code="a">Tuniyazi, Adili,</subfield>
    <subfield code="d">1970-</subfield>
  </datafield>
  <datafield tag="400" ind1="0" ind2=" ">
    <subfield code="a">阿迪里 土尼亚伜孜,</subfield>
    <subfield code="d">1970-</subfield>
  </datafield>
  <datafield tag="400" ind1="0" ind2=" ">
    <subfield code="a">Adili Tuniyazi,</subfield>
    <subfield code="d">1970-</subfield>
  </datafield>
  <datafield tag="667" ind1=" " ind2=" ">
    <subfield code="a">Non-Latin script references not evaluated.</subfield>
  </datafield>
  <datafield tag="670" ind1=" " ind2=" ">
    <subfield code="a">Tuniyaz, Adil. Dengizdiki kocha, 2006:</subfield>
    <subfield code="b">title page (Adil Tuniyaz) title page verso (阿迪里 土尼亚孜 = Adili Tuniyazi)</subfield>
  </datafield>
  <datafield tag="670" ind1=" " ind2=" ">
    <subfield code="a">http://books.google.com/books?id=NKCU3BdeBbEC&amp;pg=PA91&amp;lpg=PA91&amp;dq=%22adil+tuniyaz%22&amp;source=bl&amp;ots=B96bxSg4u4&amp;sig=ag5bX3W7LBTqT44qafnxoYUAbvw&amp;hl=en&amp;sa=X&amp;ei=FlF6U6G6KMWMyATY-oDYDg&amp;ved=0CC0Q6AEwAjgK#v=onepage&amp;q=%22adil%20tuniyaz%22&amp;f=false, May 19, 2014</subfield>
    <subfield code="b">(born October, 1970)</subfield>
  </datafield>
</record>